2540 3967
651 154 726 196 622

750 565 856 608 DE
931 565 1353 618 ιΕρΙΒνε,
1704 570 1746 610 N
1809 566 1862 612 o'
1922 575 1967 614 M
2042 576 2088 615 Ω
2162 576 2218 625 N,

992 650 1103 702 Siue,
1245 657 1250 662 ‘
1931 649 1989 706 H’}

685 731 784 777 DE
838 734 1125 779 LEGVM
1174 733 1431 780 INSTI-
1629 729 1844 775 ΓῙΕΡΙι
1913 738 2287 780 NOMooE-

854 816 1251 869 TVTIONE‚
1527 840 1536 846 -
1833 812 2081 868 ΣΙἈΣ,

684 913 911 953 Eduodecim
930 914 1021 954 liber
1038 918 1185 965 primus.
1217 929 1238 952 1.
1261 930 1279 953 ιε
1303 930 1326 952 c
1351 931 1374 954 v
1397 928 1427 952 M
1624 927 1841 981 wamma
1861 928 1979 988 λόγων
2001 924 2280 996 ἢῶμλέψνᾶ

778 983 1355 1011 ΕΑνςΛΕ’8νΒῙΕΕΤνΜ)
1939 1003 1957 1013 a·

968 1040 1126 1065 PINIS.
1855 1017 2019 1054 ww‘·

714 1168 789 1208 IN
845 1170 1102 1209 LIBROS
1161 1171 1333 1213 SIVE
1391 1168 1787 1212 DIALOGOS
1844 1166 1927 1205 DE
1985 1162 2294 1213 LEGIBVS,

1247 1261 1732 1288 ARGVMENTVM.

700 1345 736 1379 D
746 1357 763 1378 E
783 1357 807 1379 H
818 1360 838 1380 0
850 1357 871 1382 R
883 1358 901 1379 v
913 1356 938 1392 M
963 1357 983 1379 L
995 1359 1007 1380 1
1016 1358 1034 1379 Β
1045 1358 1066 1382 R
1076 1360 1097 1382 o
1108 1357 1135 1391 RV
1146 1359 1167 1381 v
1176 1360 1212 1386 M,
1233 1348 1288 1394 qui
1298 1348 1355 1384 a&
1371 1346 1521 1389 νομοθεσίας
1536 1343 1771 1383 inscribuntur,
1785 1342 1932 1380 subieeco
1945 1340 2167 1392 primaridque
2176 1342 2242 1378 fine
2253 1367 2261 1382 ›
2281 1346 2314 1378 &
2323 1347 2365 1380 εὖ

654 1391 868 1440 superioribus
887 1398 1020 1427 πηλιπιῶν
1039 1396 1128 1430 libris
1140 1421 1148 1435 ,
1160 1410 1256 1435 nexu,
1267 1397 1410 1430 diximus
1419 1397 1450 1430 in
1468 1392 1660 1442 praefatione
1672 1406 1770 1440 quam
1780 1393 1830 1428 his
1847 1394 1900 1428 De
1910 1391 2036 1439 republ.
2048 1391 2135 1426 libris
2146 1391 2365 1439 praemifimus.

653 1442 780 1475 Decem
795 1444 893 1487 igitur
902 1443 963 1475 illis
973 1442 1067 1477 libris
1078 1443 1347 1479 absolutissimam
1362 1445 1526 1490 quandam
1538 1442 1743 1489 Reipublicae
1753 1439 1893 1476 formam
1904 1441 2012 1474 voluit
2020 1440 2118 1473 Plato
2128 1438 2362 1486 repraesentare:

652 1501 723 1523 non
736 1490 822 1536 quali
833 1489 1026 1525 existimaret
1037 1504 1107 1525 eam
1124 1505 1230 1526 reuera
1241 1494 1362 1526 alicubi
1372 1504 1490 1531 extare,
1500 1490 1550 1525 sed
1560 1491 1773 1534 καθὲριέείμμαπς
1789 1491 1866 1527 {nm
1877 1487 2009 1524 testatus
2021 1486 2065 1521 est
2083 1487 2112 1521 se
2128 1488 2217 1522 illam
2229 1501 2361 1536 propo-

650 1549 734 1571 nere:
747 1549 780 1571 vt
791 1551 859 1571 non
873 1551 937 1572 tam
951 1538 1029 1584 quid
1042 1538 1335 1586 fieripofl‘essquarn
1348 1540 1427 1586 quid
1436 1538 1506 1573 fieri
1516 1539 1913 1584 deberet,intelligeretur.
1932 1536 2140 1570 Ethaaenus
2151 1537 2284 1582 quidem
2298 1549 2366 1571 cer-

652 1583 696 1621 te,
708 1597 741 1619 vt
751 1584 987 1632 philosophum
998 1586 1119 1627 decuit,
1131 1601 1167 1621 ex
1178 1588 1472 1622 demonstrationis
1482 1587 1609 1633 legibus
1627 1588 1788 1633 exemplar
1798 1583 1960 1632 descripsit
1975 1583 2045 1625 ‚sed
2058 1583 2154 1630 quam
2165 1585 2365 1632 refte‘quod

653 1632 693 1666 ad
705 1645 770 1666 rem
781 1632 879 1679 ipsun
894 1634 1184 1671 attinet,suislocis
1203 1635 1389 1670 docuimus.
1407 1637 1509 1670 Nunc
1527 1635 1575 1668 his
1586 1634 1764 1669 duodecim
1778 1633 1866 1667 libris
1884 1635 1919 1666 D
1929 1645 1947 1666 ε
1971 1645 1991 1665 L
2003 1645 2020 1665 E
2031 1644 2051 1664 G
2063 1645 2075 1666 1
2087 1643 2104 1664 Β
2116 1645 2135 1666 ν
2146 1644 2171 1671 S,
2191 1634 2262 1667 vere
2281 1646 2364 1667 con-

651 1677 764 1714 stantis
776 1680 980 1728 Reipublicae
990 1682 1101 1724 ὕπαρξιν
1111 1682 1252 1718 instituit
1264 1681 1454 1722 describere,
1466 1695 1566 1729 quam
1577 1684 1673 1717 certis
1684 1682 1812 1727 legibus
1824 1679 2028 1727 circumsepit
2038 1692 2135 1726 atque
2146 1681 2263 1719 munit,
2273 1681 2364 1715 ficuti

650 1728 839 1774 postulabat
849 1730 935 1762 resta
948 1729 1100 1764 methodi
1111 1731 1207 1765 ratio.
1229 1744 1328 1778 quum
1340 1731 1427 1765 enim
1440 1731 1593 1778 superiori
1604 1729 1822 1778 disputatione
1829 1728 1969 1776 reipubl.
1982 1732 2013 1763 δέ
2025 1726 2167 1761 formam
2177 1732 2209 1763 &
2220 1728 2362 1775 discipli-

650 1788 727 1808 nam
740 1775 952 1810 constituisset
963 1801 971 1814 ‚
995 1777 1195 1823 consequens
1205 1780 1272 1813 erat
1281 1791 1315 1813 vt
1326 1780 1415 1813 illam
1436 1779 1529 1814 certis
1539 1778 1667 1824 legibus
1678 1776 1840 1812 definiret.
1860 1780 1909 1811 Vt
1919 1787 1997 1822 crgo
2017 1776 2097 1810 illud
2109 1776 2213 1810 modo
2224 1777 2360 1823 praestet,

651 1835 688 1855 ex
698 1823 922 1858 illustrioribus
934 1828 963 1859 δέ
974 1825 1224 1871 probatioribus
1234 1828 1364 1874 politiis
1378 1839 1447 1873 quae
1456 1826 1613 1860 extabant
1623 1825 1679 1860 suo
1691 1837 1839 1872 tempore
1850 1848 1860 1863 ,
1871 1823 2019 1859 Cretensi
2028 1823 2193 1863 videlicet,
2205 1825 2361 1860 Laccdae-

648 1873 776 1911 monia‚
791 1873 982 1906 Atheniensi
993 1877 1040 1910 (vt
1050 1876 1158 1920 regni,
1169 1876 1355 1918 ὶ-ρίςυκρατῖας,
1368 1878 1399 1909 ὃ(
1409 1875 1578 1922 popularis
1589 1873 1688 1908 status
1698 1874 1847 1918 exempla
1856 1871 2104 1910 exhiberentur)
2114 1869 2257 1906 formam
2269 1874 2358 1907 illam

649 1922 814 1965 ὖπαρχυύσκς
825 1921 949 1956 num-alac
959 1920 1118 1967 defignat‚
1129 1921 1258 1969 suasque
1269 1923 1358 1969 leges
1369 1923 1409 1956 ad
1420 1936 1473 1956 eas
1483 1922 1732 1961 accommodat.
1752 1920 1877 1955 Verum
1889 1931 1923 1954 vt
1934 1920 2088 1966 politices
2099 1919 2195 1953 huius
2206 1919 2363 1955 doeh-inae

649 1965 783 2002 vberior
792 1965 978 2014 certiorque
990 1967 1111 2004 fruetus
1122 1970 1162 2005 ad
1175 1983 1237 2005 nos
1254 1973 1366 2006 redeat
1377 1996 1384 2006 ,
1397 1971 1510 2005 conati
1527 1968 1632 2003 sumus
1644 1981 1719 2008 nos,
1732 1968 1889 2015 exemplis
1900 1980 1937 2000 ex
1956 1977 2108 2001 notarum
2129 1966 2229 2000 nobis
2238 1980 2362 2003 rerum-

648 2015 855 2062 publicarum
869 2018 1025 2051 memoria
1038 2019 1162 2064 petitis,
1171 2031 1237 2053 rem
1250 2030 1357 2054 totam
1370 2017 1534 2055 illustrare,
1543 2018 1575 2051 in
1590 2016 1706 2051 nostris
1717 2017 1770 2050 De
1781 2016 1889 2049 doftr.
1900 2015 1980 2049 Plat.
1993 2017 2212 2050 comentariis:
2224 2015 2264 2050 ad
2276 2028 2361 2063 quos

648 2065 768 2099 horum
780 2066 929 2099 omnium
940 2066 1153 2112 politicorum
1164 2068 1269 2110 σωὲοψν
1278 2066 1515 2101 restruauimus.
1525 2068 1634 2112 Atque
1646 2064 1711 2099 hoc
1724 2063 1856 2111 quidem
1869 2060 1963 2097 fuerit
1975 2061 2132 2096 librorum
2143 2062 2263 2097 horum
2275 2066 2361 2100 duo-

649 2112 757 2146 decim
768 2110 947 2148 subit-etum
960 2112 1022 2148 siue
1033 2113 1149 2151 θέσιςείι]
1162 2115 1278 2162 quibus
1288 2117 1471 2154 Plato,non
1482 2126 1549 2148 tam
1561 2117 1761 2156 prunnffissvt
1772 2113 1804 2146 in
1815 2112 1928 2146 decem
1940 2109 2157 2157 superioribus
2165 2112 2220 2145 De
2229 2111 2359 2160 republ.

651 2160 753 2200 libris,
765 2162 862 2206 quam
874 2164 1009 2197 πλιτικῶς
1022 2189 1029 2201 ¹.
1042 2166 1075 2196 ὃ(
1086 2163 1220 2210 quidem
1235 2163 1321 2198 mere
1337 2167 1367 2198 δέ
1379 2162 1567 2210 simpliciter
1577 2187 1585 2201 ,
1604 2161 1644 2196 de
1656 2162 1802 2209 politicis
1822 2160 1901 2205 agit,
1913 2163 1944 2194 &
1956 2162 2108 2206 pleraque
2127 2160 2280 2193 emendat
2290 2161 2359 2196 illic

648 2221 814 2256 perperam
829 2211 1018 2249 tractata,vt
1027 2224 1065 2244 ex
1075 2210 1138 2258 ipsa
1149 2212 1293 2246 lectione
1305 2210 1482 2246 constabit.
1491 2212 1628 2244 Notato
1639 2208 1787 2244 vniuersae
1798 2206 2028 2254 disputationis
2038 2206 2360 2255 lubie&o,reliquum

649 2255 693 2290 est
704 2270 737 2291 vr
748 2258 932 2303 generalem
945 2260 1032 2292 illius
1045 2261 1187 2303 οἰκονομίαν
1196 2259 1338 2294 breuiter
1351 2260 1544 2296 indicemus,
1558 2270 1654 2305 atque
1665 2258 1709 2292 ita
1719 2256 1814 2305 ipsius
1825 2255 1912 2291 series
1923 2261 1953 2292 δε
1965 2257 2132 2292 connexio
2148 2256 2251 2290 oculis
2263 2256 2362 2292 stibii-

649 2305 763 2339 ciatur:
777 2305 870 2352 quod
891 2306 1025 2353 quidem
1045 2310 1084 2341 ad
1098 2309 1256 2342 dostrinae
1273 2309 1449 2342 *ἱππ-τύπωσιν
1468 2306 1612 2341 maxime
1622 2304 1712 2341 facit.
1725 2308 1851 2340 Totam
1871 2305 1954 2340 hanc
1967 2304 2222 2352 disputationem
2234 2305 2266 2338 in
2279 2305 2359 2340 duas

648 2354 817 2399 primarias
828 2365 936 2401 partes
949 2354 1055 2389 diuisit
1068 2358 1176 2394 Plato,
1191 2356 1224 2390 in
1239 2355 1382 2395 ωεροίμιον
1395 2381 1402 2394 ,
1414 2359 1445 2390 &
1457 2355 1625 2397 νομιθεοέωκι
1639 2353 1731 2389 ficuti
1752 2357 1783 2388 &
1795 2367 1831 2388 ex
1840 2353 1904 2401 ipsa
1922 2366 1953 2387 re
1964 2357 2042 2387 &ex
2056 2351 2181 2386 disertis
2193 2352 2276 2388 illius
2287 2366 2359 2388 ver-

648 2402 697 2435 bis
707 2400 910 2448 perspicuum
925 2401 982 2437 esst²
995 2403 1114 2450 potest.
1132 2403 1268 2439 Adiecit
1286 2402 1501 2452 disputationi
1518 2403 1669 2438 nobilem
1682 2403 1854 2454 clausulam
1866 2427 1874 2440 ‚
1894 2414 1991 2448 quarn
2003 2400 2149 2443 ἴῆπνομὲὣι
2167 2402 2355 2448 appellauit.

646 2450 774 2484 idcirco
787 2450 827 2484 de
837 2463 872 2483 ea
883 2448 1010 2484 seorsim
1023 2463 1166 2498 agemus.
1179 2454 1238 2486 Illa
1251 2464 1358 2486 autem
1370 2453 1550 2500 principem
1561 2450 1816 2499 primariumque
1825 2449 1923 2484 finem
1935 2462 2005 2484 non
2018 2448 2124 2483 modo
2134 2448 2355 2496 praestantissi*

643 2510 704 2532 mae
714 2495 802 2533 istius
814 2497 1113 2545 disptitationis,led
1126 2500 1274 2535 vniuersae
1284 2500 1380 2535 ctiam
1392 2499 1506 2534 nostrae
1515 2501 1587 2534 vitae
1598 2500 1710 2535 docet:
1724 2511 1758 2534 vt
1768 2498 1923 2533 videlicet
1932 2498 2092 2534 norimus,
2104 2509 2220 2532 omnes
2232 2497 2357 2532 nostras

642 2547 675 2579 in
686 2559 717 2581 re
729 2549 760 2580 &
772 2542 961 2581 familiari&
973 2546 1103 2594 publica
1115 2549 1257 2582 rationes
1268 2546 1308 2581 eo
1318 2547 1377 2582 efle
1388 2545 1583 2584 referendas,
1595 2561 1629 2582 vr
1641 2561 1714 2583 cum
1734 2547 1852 2582 virtute
1863 2546 2007 2581 viuamus
2021 2572 2029 2583 ‚
2040 2542 2188 2591 illudque
2199 2557 2278 2580 verae
2288 2543 2357 2580 feli-

643 2594 749 2628 citatis
761 2595 999 2641 compendium
1012 2593 1071 2630 effe
1093 2595 1282 2632 statuamus.
1293 2596 1335 2629 Et
1344 2595 1410 2630 haec
1429 2596 1564 2643 quidem
1579 2595 1618 2629 de
1634 2595 1753 2630 horum
1771 2594 1932 2628 librorum
1945 2593 2057 2627 ordine
2067 2593 2245 2638 generatim
2266 2593 2355 2628 dicta

640 2640 737 2676 sunto
749 2667 758 2675 .
797 2643 936 2688 Singulae
946 2643 1063 2677 deinde
1073 2656 1181 2692 partes
1191 2645 1223 2678 in
1236 2643 1301 2678 suas
1311 2645 1487 2691 particulas
1498 2643 1756 2678 subdiuidendae.
1774 2644 1934 2684 Προοίμιον,
1948 2643 2087 2690 primam
2099 2641 2192 2675 huius
2206 2640 2355 2689 disputa-

641 2690 741 2724 tionis
761 2702 886 2736 partem
899 2689 1066 2725 statuimus
1079 2717 1087 2726 .
1107 2705 1163 2727 cur
1181 2692 1337 2734 ωεροιμίοις
1348 2703 1456 2727 Vtatur
1472 2692 1569 2726 Plato
1582 2691 1753 2738 diligenter
1770 2690 1910 2725 docetin
1929 2690 1993 2724 fine
2012 2690 2131 2735 quarti:
2147 2687 2187 2723 sic
2198 2691 2355 2724 nimirum

642 2738 828 2785 pra‘parand
836 2751 874 2772 os
885 2738 941 2772 effe
952 2741 1093 2778 animos,
1104 2753 1206 2775 rerum
1220 2739 1356 2787 ipsarum
1370 2739 1630 2774 commonstrata
1641 2752 1764 2774 natura.
1776 2739 1852 2773 ideo
1865 2736 1996 2783 singulis
2008 2736 2136 2783 legibus
2148 2735 2287 2782 singulas
2297 2751 2358 2785 pc-

643 2784 839 2832 culiaresque
850 2784 1058 2833 praesationes
1070 2788 1317 2822 accommodat.
1331 2787 1490 2822 Vniuersae
1500 2787 1713 2836 disputationi
1725 2787 1908 2833 longiorem
1921 2785 2038 2820 debuit
2055 2781 2281 2831 praefationem
2293 2788 2355 2820 tri-

643 2832 740 2866 buere
751 2849 757 2866 :
769 2835 811 2867 im
824 2834 907 2868 hanc
921 2846 1063 2880 quatuor
1073 2837 1152 2870 totis
1165 2836 1265 2873 libris,
1278 2835 1319 2869 ad
1334 2836 1441 2882 quinti
1461 2837 1558 2882 vsque
1568 2834 1639 2869 libri
1650 2835 1733 2883 pene
1742 2836 1899 2871 medium,
1911 2832 2118 2880 persequitur.
2160 2835 2184 2866 P
2194 2844 2215 2866 R
2225 2847 2236 2867 l
2246 2845 2271 2866 M
2282 2847 2302 2867 o
2320 2838 2353 2868 &

643 2893 656 2914 s
666 2894 681 2913 E
694 2893 715 2914 c
729 2895 746 2914 v
760 2895 780 2914 N
794 2893 816 2914 D
829 2895 862 2919 0,
882 2882 921 2916 de
933 2884 1040 2928 legum
1061 2883 1160 2917 causis
1172 2882 1339 2924 ,subiecto
1351 2908 1360 2923 ‚
1370 2883 1436 2918 fine
1447 2885 1533 2930 agit,
1546 2884 1724 2918 moderatae
1740 2887 1770 2918 δε
1782 2881 1972 2917 commodae
1990 2881 2166 2927 disciplinae
2183 2882 2353 2923 ξυμμεηείαν

641 2929 791 2963 accurate
800 2929 901 2963 doces
914 2931 942 2963 .i.
957 2931 1136 2976 quomodo
1146 2933 1234 2978 leges
1245 2931 1305 2965 fint
1316 2932 1516 2979 applicandae
1524 2945 1563 2966 ex
1576 2930 1783 2979 personarum
1805 2928 2051 2966 circumstantiis
2063 2943 2069 2961 :
2080 2940 2149 2975 quae
2159 2930 2352 2970 ίόᾶοσυγκμοία

638 2976 815 3022 legissatori
827 2980 857 3010 &
869 2980 962 3011 omni
973 2979 1114 3024 politico
1125 2981 1195 3015 viro
1206 2979 1302 3027 plane
1314 2981 1359 3015 est
1377 2978 1559 3015 necessaria.
1575 2992 1597 3012 T
1609 2993 1625 3013 E
1636 2991 1658 3014 R
1667 2991 1689 3012 T
1700 2991 1711 3012 1
1723 2991 1743 3012 o
1761 2979 1828 3025 agit
1847 2977 1970 3013 deiuris
1990 2978 2117 3022 origine
2129 3003 2136 3015 ‚
2158 2977 2349 3023 quomodo,

639 3024 749 3069 quand
757 3037 790 3062 ο,
803 3024 819 3057 a
829 3024 947 3070 quibus
955 3026 1148 3061 hominibus
1159 3028 1313 3074 inceperit
1322 3028 1403 3063 ratio
1414 3029 1469 3062 illa
1480 3028 1730 3063 condendarum
1744 3028 1865 3073 legum.
1879 3025 1971 3072 quod
1982 3038 2018 3058 ex
2029 3026 2144 3059 veteris
2156 3029 2186 3058 ὃς
2196 3037 2290 3058 nouae
2300 3024 2351 3057 hi-

637 3071 742 3105 storia?
752 3072 909 3105 memoria
919 3074 1100 3108 luculenter
1112 3074 1225 3115 docet,
1238 3074 1326 3110 ficuti
1337 3081 1369 3111 δε
1382 3074 1484 3122 ipsum
1497 3087 1723 3122 argumentum
1734 3077 1831 3122 plane
1849 3073 2035 3108 historicum
2049 3074 2190 3106 omnino
2199 3071 2351 3118 postula-

638 3118 695 3153 bat
708 3119 892 3153 historicam
906 3122 1137 3167 explicatione.
1164 3126 1260 3169 QA
1271 3134 1292 3156 R
1303 3135 1324 3156 T
1336 3136 1358 3157 o
1377 3122 1518 3170 disputat
1530 3123 1641 3170 ecquis
1652 3124 1746 3157 locus
1758 3121 1795 3158 fit
1806 3122 1947 3157 Ciuitati
1960 3119 2349 3165 condendaeeligedus,&

637 3167 816 3214 quomodo
828 3166 893 3215 ipsa
903 3168 1023 3202 incolis
1034 3168 1229 3204 instruenda:
1243 3169 1509 3219 dcni'que‚qu2in5
1518 3170 1696 3219 disciplinae
1706 3169 1813 3204 forma
1823 3169 1859 3203 sit
1871 3167 2094 3216 componeda:
2107 3180 2168 3213 que
2179 3167 2349 3213 potissima

634 3214 760 3262 estpars
772 3217 903 3251 πλιτυοῒς
911 3219 1060 3256 &heimm-
1072 3220 1121 3251 lta
1142 3221 1230 3262 Qi
1242 3231 1265 3252 N
1275 3230 1297 3251 ‘r
1307 3233 1328 3253 o
1346 3221 1464 3266 incipit
1474 3221 1608 3254 traficae
1619 3217 1718 3266 ipsam
1731 3220 1888 3259 νομηθεσὶακκ,
1902 3228 2000 3263 quam
2011 3215 2140 3260 reliquis
2150 3217 2296 3261 quinque
2307 3217 2348 3249 li-

634 3263 701 3298 bris
713 3261 860 3298 accurate
870 3262 1076 3310 peisequitur:
1088 3278 1128 3297 eo
1140 3266 1272 3310 quidem
1286 3266 1400 3301 ordine
1412 3294 1419 3303 ,
1439 3279 1473 3301 vt
1490 3281 1526 3301 ea
1538 3281 1601 3314 que
1612 3267 1652 3302 ad
1664 3265 1918 3313 Rempublicam
1930 3260 2202 3310 Magistratusque
2219 3262 2347 3310 potissi-

639 3325 730 3346 mum
743 3310 1062 3358 pertinent,primiim
1073 3314 1251 3356 generatim
1265 3314 1544 3359 exponatzdeinde
1553 3328 1604 3349 eas
1614 3326 1660 3348 res
1672 3326 1742 3360 quae
1751 3313 1791 3348 ad
1808 3313 1907 3347 vitam
1919 3311 2093 3345 hominum
2104 3311 2346 3346 continendam

639 3359 955 3406 spe-{tanndilige‘ter
963 3357 1117 3394 edisserat.
1130 3359 1269 3405 Reliqua
1279 3360 1377 3404 igitur
1388 3363 1509 3408 Qnti
1520 3361 1591 3396 libri
1602 3375 1687 3409 pam,
1698 3373 1802 3408 cetera
1813 3372 1875 3407 que
1887 3359 1926 3393 ad
1937 3358 2063 3405 imperii
2074 3356 2214 3392 formam
2228 3356 2343 3400 facifitfi

640 3408 884 3455 compleffltitur.
911 3409 929 3440 S
938 3419 955 3440 ε
967 3420 987 3440 x
997 3420 1018 3439 τ
1030 3420 1050 3440 v
1064 3421 1077 3441 s
1087 3406 1131 3441 est
1145 3407 1185 3441 de
1197 3406 1446 3452 Magistratuum
1457 3408 1806 3456 creatione-i.ipsorum
1819 3408 1944 3452 ὸρχέντων
1954 3408 1987 3440 in
1998 3405 2143 3453 Republ.
2154 3410 2185 3441 ὅ(
2196 3406 2344 3454 Ιμάἰειιῑη

641 3459 670 3489 ὃ(
684 3456 956 3501 Legumlatorum
969 3460 1000 3490 ἃ
1012 3453 1339 3502 LegumcustodfiAEt
1355 3456 1512 3501 quoniam
1525 3457 1727 3502 Coniugium
1739 3454 1783 3488 est
1793 3453 2046 3489 fundamentum
2059 3454 2224 3489 societatis
2234 3454 2346 3489 huma-

640 3515 699 3541 nae,
709 3504 786 3537 ideo
797 3503 941 3548 coniugij
952 3504 1039 3550 leges
1049 3502 1225 3550 perscribit,
1238 3502 1368 3538 craffiim
1382 3504 1473 3537 illum
1494 3500 1688 3549 foedi'imque
1698 3515 1835 3537 errorem
1846 3502 2012 3537 οἱκοινωνιὶἵὲυ
2021 3502 2154 3539 κοινωνίας
2167 3527 2174 3539 ,
2187 3514 2249 3548 qua
2259 3515 2347 3536 con-

642 3551 814 3585 taminarat
823 3551 1072 3598 pulcherrimam
1083 3551 1338 3600 disputationem
1348 3551 1388 3587 de
1399 3551 1597 3600 Republica,
1607 3551 1775 3586 emendas.
1800 3551 1896 3586 Illum
1908 3563 2007 3600 porro
2018 3548 2165 3584 sermone
2173 3549 2217 3584 ita
2227 3549 2347 3584 incho-

2528 1062 2540 1098 *κ
2532 1034 2540 1052 μ
2529 960 2540 1025 .-ς-
2532 919 2540 939 Α.
2530 893 2536 901 τ

2528 1230 2540 1252 s
2530 1175 2532 1210 ψ
2530 1098 2535 1150 „a

2514 2342 2520 2358 Ι,
2527 2358 2528 2364 i
